@online{2,
   author       = {Microchip},
   titel        = {High-Speed CAN Transceiver},
   year         = {2014},
   url          = {https://www.mouser.de/datasheet/2/268/20005167C-1512552.pdf},
   urldate      = {2023-12-26}
 }

@online{1,
   author       = {AZ-Delivery},
   titel        = {ESP32},
   url          = {https://www.az-delivery.de/products/esp32-developmentboard},
   urldate      = {2023-12-27}
 }


@online{3,
   author       = {mikrocontroller.net},
   titel        = {Grundlagen zum CAN Bus},
   url          = {https://www.mikrocontroller.net/attachment/6819/canbus.pdf},
   urldate      = {2023-12-27}
 }

 @online{4,
   author       = {amazon},
   titel        = {WayinTop 20x4 2004 LCD Display Zeichen Bildschirm mit TWI IIC I2C LCD Schnittstelle Adapter (Blau/2004)},
   url          = {https://www.amazon.de/gp/product/B07TTNBBSC/ref=ppx_yo_dt_b_search_asin_title?ie=UTF8&th=1},
   urldate      = {2023-12-30}
 }